@misc{Fisher1988,
    title = {{Iris}},
    year = {1988},
    author = {Fisher, R A},
    url = {http://archive.ics.uci.edu/ml/datasets/Iris},
    howpublished = {UCI Machine Learning Repository}
}

@inproceedings{Montana1989,
    title = {{Training Feedforward Neural Networks Using Genetic Algorithms}},
    year = {1989},
    booktitle = {Proceedings of the 11th International Joint Conference on Artificial Intelligence - Volume 1},
    author = {Montana, David J and Davis, Lawrence},
    pages = {762--767},
    series = {IJCAI'89},
    publisher = {Morgan Kaufmann Publishers Inc.},
    address = {San Francisco, CA, USA},
    doi = {10.5555/1623755.1623876}
}

@article{Lippmann1988AnNets,
    title = {{An introduction to computing with neural nets}},
    year = {1988},
    journal = {ACM SIGARCH Computer Architecture News},
    author = {Lippmann, Richard P.},
    number = {1},
    month = {3},
    pages = {7--25},
    volume = {16},
    publisher = {{\\\}		ACM{\\\}		PUB27{\\\}		New York, NY, USA{\\\}	},
    url = {https://dl.acm.org/doi/10.1145/44571.44572},
    doi = {10.1145/44571.44572},
    issn = {0163-5964}
}

@article{Jain1996ArtificialTutorial,
    title = {{Artificial neural networks: a tutorial}},
    year = {1996},
    journal = {Computer},
    author = {Jain, A.K. and {Jianchang Mao} and Mohiuddin, K.M.},
    number = {3},
    month = {3},
    pages = {31--44},
    volume = {29},
    url = {http://ieeexplore.ieee.org/document/485891/},
    doi = {10.1109/2.485891},
    issn = {00189162}
}

@book{Goldberg1989GeneticLearning,
    title = {{Genetic Algorithms in Search, Optimization and Machine Learning}},
    year = {1989},
    author = {Goldberg, David E},
    edition = {1st},
    publisher = {Addison-Wesley Longman Publishing Co., Inc.},
    address = {USA},
    isbn = {0201157675}
}

@misc{Gad2021PyGAD:Library,
    title = {{PyGAD: An Intuitive Genetic Algorithm Python Library}},
    year = {2021},
    author = {Gad, Ahmed Fawzy},
    arxivId = {2106.06158}
}